<?xml version="1.0" encoding="UTF-8"?><record xmlns="http://www.loc.gov/MARC21/slim" xmlns:cinclude="http://apache.org/cocoon/include/1.0" xmlns:zs="http://www.loc.gov/zing/srw/">
  <leader>00512nz  a2200157n  4500</leader>
  <controlfield tag="001">no2008132864</controlfield>
  <controlfield tag="003">DLC</controlfield>
  <controlfield tag="005">20080913080935.0</controlfield>
  <controlfield tag="008">080911n| acannaabn          |a aaa     c</controlfield>
  <datafield tag="010" ind1=" " ind2=" ">
    <subfield code="a">no2008132864</subfield>
  </datafield>
  <datafield tag="035" ind1=" " ind2=" ">
    <subfield code="a">(OCoLC)oca07875311</subfield>
  </datafield>
  <datafield tag="040" ind1=" " ind2=" ">
    <subfield code="a">SaPrUSA</subfield>
    <subfield code="b">eng</subfield>
    <subfield code="c">SaPrUSA</subfield>
  </datafield>
  <datafield tag="100" ind1="1" ind2=" ">
    <subfield code="a">Blakey, Joseph</subfield>
  </datafield>
  <datafield tag="400" ind1="1" ind2=" ">
    <subfield code="a">Blakey, J.</subfield>
    <subfield code="q">(Joseph)</subfield>
  </datafield>
  <datafield tag="670" ind1=" " ind2=" ">
    <subfield code="a">University mathematics, 1949:</subfield>
    <subfield code="b">(Joseph Blakey, Ph.D.; sen. lect., Constantine Tech. Coll., Middlesbrough)</subfield>
  </datafield>
  <datafield tag="670" ind1=" " ind2=" ">
    <subfield code="a">Intermediate pure mathematics, 1953:</subfield>
    <subfield code="b">t.p. (J. Blakey)</subfield>
  </datafield>
</record>